<?xml version="1.0" encoding="UTF-8"?><record xmlns="http://www.loc.gov/MARC21/slim" xmlns:cinclude="http://apache.org/cocoon/include/1.0" xmlns:zs="http://www.loc.gov/zing/srw/">
  <leader>00604nz  a2200193n  4500</leader>
  <controlfield tag="001">no2014042023</controlfield>
  <controlfield tag="003">DLC</controlfield>
  <controlfield tag="005">20140329073548.0</controlfield>
  <controlfield tag="008">140328n| azannaabn          |n aaa     c</controlfield>
  <datafield tag="010" ind1=" " ind2=" ">
    <subfield code="a">no2014042023</subfield>
  </datafield>
  <datafield tag="035" ind1=" " ind2=" ">
    <subfield code="a">(OCoLC)oca09719689</subfield>
  </datafield>
  <datafield tag="040" ind1=" " ind2=" ">
    <subfield code="a">MdU-Mu</subfield>
    <subfield code="b">eng</subfield>
    <subfield code="e">rda</subfield>
    <subfield code="c">MdU-Mu</subfield>
  </datafield>
  <datafield tag="046" ind1=" " ind2=" ">
    <subfield code="k">1949</subfield>
    <subfield code="l">1953</subfield>
  </datafield>
  <datafield tag="100" ind1="1" ind2=" ">
    <subfield code="a">Bonet, Narciﾌ《,</subfield>
    <subfield code="d">1933-</subfield>
    <subfield code="t">Nocturnes,</subfield>
    <subfield code="m">piano,</subfield>
    <subfield code="n">no. 5</subfield>
  </datafield>
  <datafield tag="380" ind1=" " ind2=" ">
    <subfield code="a">Nocturne</subfield>
  </datafield>
  <datafield tag="382" ind1="0" ind2=" ">
    <subfield code="a">piano</subfield>
  </datafield>
  <datafield tag="383" ind1=" " ind2=" ">
    <subfield code="a">no. 5</subfield>
  </datafield>
  <datafield tag="670" ind1=" " ind2=" ">
    <subfield code="a">Hernaﾌ］dez, Sira. Nocturns for piano, p2012:</subfield>
    <subfield code="b">container (Nocturn nuﾌ［. 5 / Narciﾌ《 Bonet)</subfield>
  </datafield>
  <datafield tag="670" ind1=" " ind2=" ">
    <subfield code="a">Grove music online, March 28, 2014</subfield>
    <subfield code="b">(5 nocturns, pf, 1949-53)</subfield>
  </datafield>
</record>